@article{graphtun,
  title={High-performance organic vertical thin film transistor using graphene as a tunable contact},
  author={Liu, Yuan and Zhou, Hailong and Weiss, Nathan O and Huang, Yu and Duan, Xiangfeng},
  journal={ACS nano},
  volume={9},
  number={11},
  pages={11102--11108},
  year={2015},
  publisher={ACS Publications}
}

@article{squaraine,
  title={High-performance organic thin-film transistors of J-stacked squaraine dyes},
  author={Gsanger, Marcel and Kirchner, Eva and Stolte, Matthias and Burschka, Christian and Stepanenko, Vladimir and Pflaum, Jens and Wwrthner, Frank},
  journal={Journal of the American Chemical Society},
  volume={136},
  number={6},
  pages={2351--2362},
  year={2014},
  publisher={ACS Publications}
}

@book{OTFTappsbook,
  title={Organic Thin-Film Transistor Applications: Materials to Circuits},
  author={Kaushik, Brajesh Kumar and Kumar, Brijesh and Prajapati, Sanjay and Mittal, Poornima},
  year={2016},
  publisher={CRC Press}
}

@article{pentaceneOFET,
  title={Control of the nano electrostatic phenomena at a pentacene/metal interface for improvement of the organic FET devices},
  author={Manaka, Takaaki and Lim, Eunju and Tamura, Ryousuke and Iwamoto, Mitsumasa},
  journal={Thin Solid Films},
  volume={499},
  number={1-2},
  pages={386--391},
  year={2006},
  publisher={Elsevier}
}

@article{laiho2011controlling,
  title={Controlling the dimensionality of charge transport in organic thin-film transistors},
  author={Laiho, Ari and Herlogsson, Lars and Forchheimer, Robert and Crispin, Xavier and Berggren, Magnus},
  journal={Proceedings of the National Academy of Sciences},
  volume={108},
  number={37},
  pages={15069--15073},
  year={2011},
  publisher={National Acad Sciences}
}
@article{graphoxd,
  title={Graphene oxide nanosheets based organic field effect transistor for nonvolatile memory applications},
  author={Kim, Tae-Wook and Gao, Yan and Acton, Orb and Yip, Hin-Lap and Ma, Hong and Chen, Hongzheng and Jen, Alex K-Y},
  journal={Applied Physics Letters},
  volume={97},
  number={2},
  pages={147},
  year={2010},
  publisher={AIP}
}
@article{chemsens,
  title={Nanoscale organic and polymeric field-effect transistors as chemical sensors},
  author={Wang, Liang and Fine, Daniel and Sharma, Deepak and Torsi, Luisa and Dodabalapur, Ananth},
  journal={Analytical and bioanalytical chemistry},
  volume={384},
  number={2},
  pages={310--321},
  year={2006},
  publisher={Springer}
}
@article{dipolemono,
  title={Reducing leakage currents in n-channel organic field-effect transistors using molecular dipole monolayers on nanoscale oxides},
  author={Martínez Hardigree, Josué F and Dawidczyk, Thomas J and Ireland, Robert M and Johns, Gary L and Jung, Byung-Jun and Nyman, Mathias and Österbacka, Ronald and Marković, Nina and Katz, Howard E},
  journal={ACS applied materials \& interfaces},
  volume={5},
  number={15},
  pages={7025--7032},
  year={2013},
  publisher={ACS Publications}
}
@book{invitro,
  title={Organic transistor devices for in vitro electrophysiological applications},
  author={Spanu, Andrea},
  year={2016},
  publisher={Springer}
}

@book{zaki2015short,
  title={Short-channel organic thin-film transistors: fabrication, characterization, modeling and circuit demonstration},
  author={Zaki, Tarek},
  year={2015},
  publisher={Springer}
}
@article{nanograph,
  title={High-Performance Photoresponsive Organic Nanotransistors with Single-Layer Graphenes as Two-Dimensional Electrodes},
  author={Cao, Yang and Liu, Song and Shen, Qian and Yan, Kai and Li, Pingjian and Xu, Jun and Yu, Dapeng and Steigerwald, Michael L and Nuckolls, Colin and Liu, Zhongfan and others},
  journal={Advanced Functional Materials},
  volume={19},
  number={17},
  pages={2743--2748},
  year={2009},
  publisher={Wiley Online Library}
}

@article{solshear,
  title={Quick fabrication of large-area organic semiconductor single crystal arrays with a rapid annealing self-solution-shearing method},
  author={Li, Yunze and Ji, Deyang and Liu, Jie and Yao, Yifan and Fu, Xiaolong and Zhu, Weigang and Xu, Chunhui and Dong, Huanli and Li, Jingze and Hu, Wenping},
  journal={Scientific reports},
  volume={5},
  pages={13195},
  year={2015},
  publisher={Nature Publishing Group}
}

@article{klauk2018will,
  title={Will We See Gigahertz Organic Transistors?},
  author={Klauk, Hagen},
  journal={Advanced Electronic Materials},
  year={2018},
  publisher={Wiley Online Library}
}

@article{petrone2012graphene,
  title={Graphene field-effect transistors with gigahertz-frequency power gain on flexible substrates},
  author={Petrone, Nicholas and Meric, Inanc and Hone, James and Shepard, Kenneth L},
  journal={Nano letters},
  volume={13},
  number={1},
  pages={121--125},
  year={2012},
  publisher={ACS Publications}
}

@article{sire2012flexible,
  title={Flexible gigahertz transistors derived from solution-based single-layer graphene},
  author={Sire, Cédric and Ardiaca, Florence and Lepilliet, Sylvie and Seo, Jung-Woo T and Hersam, Mark C and Dambrine, Gilles and Happy, Henri and Derycke, Vincent},
  journal={Nano letters},
  volume={12},
  number={3},
  pages={1184--1188},
  year={2012},
  publisher={ACS Publications}
}

@article{zhong2017carbon,
  title={Carbon nanotube radio-frequency electronics},
  author={Zhong, Donglai and Zhang, Zhiyong and Peng, Lian-Mao},
  journal={Nanotechnology},
  volume={28},
  number={21},
  pages={212001},
  year={2017},
  publisher={IOP Publishing}
}

@article{ford2016high,
  title={High mobility organic field-effect transistors from majority insulator blends},
  author={Ford, Michael J and Wang, Ming and Patel, Shrayesh N and Phan, Hung and Segalman, Rachel A and Nguyen, Thuc-Quyen and Bazan, Guillermo C},
  journal={Chemistry of Materials},
  volume={28},
  number={5},
  pages={1256--1260},
  year={2016},
  publisher={ACS Publications}
}

@article{choi2016study,
  title={A Study on Reducing Contact Resistance in Solution-Processed Organic Field-Effect Transistors},
  author={Choi, Sangmoo and Fuentes-Hernandez, Canek and Wang, Cheng-Yin and Khan, Talha M and Larrain, Felipe A and Zhang, Yadong and Barlow, Stephen and Marder, Seth R and Kippelen, Bernard},
  journal={ACS applied materials \& interfaces},
  volume={8},
  number={37},
  pages={24744--24752},
  year={2016},
  publisher={ACS Publications}
}

@article{yeh2014gigahertz,
  title={Gigahertz flexible graphene transistors for microwave integrated circuits},
  author={Yeh, Chao-Hui and Lain, Yi-Wei and Chiu, Yu-Chiao and Liao, Chen-Hung and Moyano, David Ricardo and Hsu, Shawn SH and Chiu, Po-Wen},
  journal={ACS nano},
  volume={8},
  number={8},
  pages={7663--7670},
  year={2014},
  publisher={ACS Publications}
}

@article{chen2008intrinsic,
  title={Intrinsic and extrinsic performance limits of graphene devices on SiO 2},
  author={Chen, Jian-Hao and Jang, Chaun and Xiao, Shudong and Ishigami, Masa and Fuhrer, Michael S},
  journal={Nature nanotechnology},
  volume={3},
  number={4},
  pages={206},
  year={2008},
  publisher={Nature Publishing Group}
}

@article{kim2009realization,
  title={Realization of a high mobility dual-gated graphene field-effect transistor with Al 2 O 3 dielectric},
  author={Kim, Seyoung and Nah, Junghyo and Jo, Insun and Shahrjerdi, Davood and Colombo, Luigi and Yao, Zhen and Tutuc, Emanuel and Banerjee, Sanjay K},
  journal={Applied Physics Letters},
  volume={94},
  number={6},
  pages={062107},
  year={2009},
  publisher={AIP}
}

@article{wang2012self,
  title={Self-aligned, extremely high frequency III--V metal-oxide-semiconductor field-effect transistors on rigid and flexible substrates},
  author={Wang, Chuan and Chien, Jun-Chau and Fang, Hui and Takei, Kuniharu and Nah, Junghyo and Plis, E and Krishna, Sanjay and Niknejad, Ali M and Javey, Ali},
  journal={Nano letters},
  volume={12},
  number={8},
  pages={4140--4145},
  year={2012},
  publisher={ACS Publications}
}

@article{wang2012extremely,
  title={Extremely bendable, high-performance integrated circuits using semiconducting carbon nanotube networks for digital, analog, and radio-frequency applications},
  author={Wang, Chuan and Chien, Jun-Chau and Takei, Kuniharu and Takahashi, Toshitake and Nah, Junghyo and Niknejad, Ali M and Javey, Ali},
  journal={Nano letters},
  volume={12},
  number={3},
  pages={1527--1533},
  year={2012},
  publisher={ACS Publications}
}

@article{chimot2007gigahertz,
  title={Gigahertz frequency flexible carbon nanotube transistors},
  author={Chimot, N and Derycke, Vincent and Goffman, MF and Bourgoin, JP and Happy, H and Dambrine, G},
  journal={Applied Physics Letters},
  volume={91},
  number={15},
  pages={153111},
  year={2007},
  publisher={AIP}
}

@article{bethoux20068,
  title={An 8-GHz f/sub t/carbon nanotube field-effect transistor for gigahertz range applications},
  author={Bethoux, J-M and Happy, H and Dambrine, G and Derycke, Vincent and Goffman, M and Bourgoin, J-P},
  journal={IEEE Electron Device Letters},
  volume={27},
  number={8},
  pages={681--683},
  year={2006},
  publisher={IEEE}
}

@article{cao2016radio,
  title={Radio frequency transistors using aligned semiconducting carbon nanotubes with current-gain cutoff frequency and maximum oscillation frequency simultaneously greater than 70 GHz},
  author={Cao, Yu and Brady, Gerald J and Gui, Hui and Rutherglen, Chris and Arnold, Michael S and Zhou, Chongwu},
  journal={ACS nano},
  volume={10},
  number={7},
  pages={6782--6790},
  year={2016},
  publisher={ACS Publications}
}

@article{steiner2012high,
  title={High-frequency performance of scaled carbon nanotube array field-effect transistors},
  author={Steiner, Mathias and Engel, Michael and Lin, Yu-Ming and Wu, Yanqing and Jenkins, Keith and Farmer, Damon B and Humes, Jefford J and Yoder, Nathan L and Seo, Jung-Woo T and Green, Alexander A and others},
  journal={Applied Physics Letters},
  volume={101},
  number={5},
  pages={053123},
  year={2012},
  publisher={AIP}
}

@article{badmaev2012self,
  title={Self-aligned fabrication of graphene RF transistors with T-shaped gate},
  author={Badmaev, Alexander and Che, Yuchi and Li, Zhen and Wang, Chuan and Zhou, Chongwu},
  journal={ACS nano},
  volume={6},
  number={4},
  pages={3371--3376},
  year={2012},
  publisher={ACS Publications}
}

@article{che2013t,
  title={T-gate aligned nanotube radio frequency transistors and circuits with superior performance},
  author={Che, Yuchi and Lin, Yung-Chen and Kim, Pyojae and Zhou, Chongwu},
  journal={ACS nano},
  volume={7},
  number={5},
  pages={4343--4350},
  year={2013},
  publisher={ACS Publications}
}

@misc{de2016cvd,
  title={CVD Graphene-Creating Graphene Via Chemical Vapour Deposition},
  author={De La Fuente, Jesus},
  year={2016},
  publisher={Graphenea}
}

@article{joo2014dose,
  title={Dose-controlled, floating evaporative self-assembly and alignment of semiconducting carbon nanotubes from organic solvents},
  author={Joo, Yongho and Brady, Gerald J and Arnold, Michael S and Gopalan, Padma},
  journal={Langmuir},
  volume={30},
  number={12},
  pages={3460--3466},
  year={2014},
  publisher={ACS Publications}
}

@article{krithivasan2006half,
  title={Half-terahertz operation of SiGe HBTs},
  author={Krithivasan, Ramkumar and Lu, Yuan and Cressler, John D and Rieh, Jae-Sung and Khater, Marwan H and Ahlgren, David and Freeman, Greg},
  journal={IEEE Electron Device Letters},
  volume={27},
  number={7},
  pages={567--569},
  year={2006},
  publisher={IEEE}
}

@inproceedings{heinemann2016sige,
  title={SiGe HBT with fx/fmax of 505 GHz/720 GHz},
  author={Heinemann, B and R{\"u}cker, H and Barth, R and B{\"a}rwolf, F and Drews, J and Fischer, GG and Fox, A and Fursenko, O and Grabolla, T and Herzel, F and others},
  booktitle={Electron Devices Meeting (IEDM), 2016 IEEE International},
  pages={3--1},
  year={2016},
  organization={IEEE}
}

@article{jin2013using,
  title={Using nanoscale thermocapillary flows to create arrays of purely semiconducting single-walled carbon nanotubes},
  author={Jin, Sung Hun and Dunham, Simon N and Song, Jizhou and Xie, Xu and Kim, Ji-hun and Lu, Chaofeng and Islam, Ahmad and Du, Frank and Kim, Jaeseong and Felts, Johnny and others},
  journal={Nature nanotechnology},
  volume={8},
  number={5},
  pages={347},
  year={2013},
  publisher={Nature Publishing Group}
}

@article{hu2015growth,
  title={Growth of high-density horizontally aligned SWNT arrays using Trojan catalysts},
  author={Hu, Yue and Kang, Lixing and Zhao, Qiuchen and Zhong, Hua and Zhang, Shuchen and Yang, Liangwei and Wang, Zequn and Lin, Jingjing and Li, Qingwen and Zhang, Zhiyong and others},
  journal={Nature communications},
  volume={6},
  pages={6099},
  year={2015},
  publisher={Nature Publishing Group}
}

@article{brady2016quasi,
  title={Quasi-ballistic carbon nanotube array transistors with current density exceeding Si and GaAs},
  author={Brady, Gerald J and Way, Austin J and Safron, Nathaniel S and Evensen, Harold T and Gopalan, Padma and Arnold, Michael S},
  journal={Science advances},
  volume={2},
  number={9},
  pages={e1601240},
  year={2016},
  publisher={American Association for the Advancement of Science}
}

@article{hou2017extended,
  title={Extended alcohol catalytic chemical vapor deposition for efficient growth of single-walled carbon nanotubes thinner than (6, 5)},
  author={Hou, Bo and Wu, Cheng and Inoue, Taiki and Chiashi, Shohei and Xiang, Rong and Maruyama, Shigeo},
  journal={Carbon},
  volume={119},
  pages={502--510},
  year={2017},
  publisher={Elsevier}
}

@article{vu2017high,
  title={A High-On/Off-Ratio Floating-Gate Memristor Array on a Flexible Substrate via CVD-Grown Large-Area 2D Layer Stacking},
  author={Vu, Quoc An and Kim, Hyun and Nguyen, Van Luan and Won, Ui Yeon and Adhikari, Subash and Kim, Kunnyun and Lee, Young Hee and Yu, Woo Jong},
  journal={Advanced Materials},
  volume={29},
  number={44},
  year={2017},
  publisher={Wiley Online Library}
}